@inproceedings{mirzasoleiman2013distributed,
  title={Distributed submodular maximization: Identifying representative elements in massive data},
  author={Mirzasoleiman, Baharan and Karbasi, Amin and Sarkar, Rik and Krause, Andreas},
  booktitle={Advances in Neural Information Processing Systems},
  pages={2049--2057},
  year={2013}
}

@inproceedings{mirzasoleiman2015distributed,
  title={Distributed Submodular Cover: Succinctly Summarizing Massive Data},
  author={Mirzasoleiman, Baharan and Karbasi, Amin and Badanidiyuru, Ashwinkumar and Krause, Andreas},
  booktitle={Advances in Neural Information Processing Systems},
  pages={2863--2871},
  year={2015}
}

@article{mirrokni2015randomized,
  title={Randomized composable core-sets for distributed submodular maximization},
  author={Mirrokni, Vahab and Zadimoghaddam, Morteza},
  journal={arXiv preprint arXiv:1506.06715},
  year={2015}
}

@inproceedings{indyk2014composable,
  title={Composable core-sets for diversity and coverage maximization},
  author={Indyk, Piotr and Mahabadi, Sepideh and Mahdian, Mohammad and Mirrokni, Vahab S},
  booktitle={Proceedings of the 33rd ACM SIGMOD-SIGACT-SIGART symposium on Principles of database systems},
  pages={100--108},
  year={2014},
  organization={ACM}
}

@article{balcan2013distributed,
  title={Distributed clustering on graphs},
  author={Balcan, Maria-Florina and Ehrlich, Steven and Liang, Yingyu},
  journal={NIPS, page to appear},
  year={2013},
  publisher={Citeseer}
}

@inproceedings{bateni2014distributed,
  title={Distributed balanced clustering via mapping coresets},
  author={Bateni, MohammadHossein and Bhaskara, Aditya and Lattanzi, Silvio and Mirrokni, Vahab},
  booktitle={Advances in Neural Information Processing Systems},
  pages={2591--2599},
  year={2014}
}

@inproceedings{badanidiyuru2014streaming,
  title={Streaming submodular maximization: Massive data summarization on the fly},
  author={Badanidiyuru, Ashwinkumar and Mirzasoleiman, Baharan and Karbasi, Amin and Krause, Andreas},
  booktitle={Proceedings of the 20th ACM SIGKDD international conference on Knowledge discovery and data mining},
  pages={671--680},
  year={2014},
  organization={ACM}
}

@article{kumar2015fast,
  title={Fast greedy algorithms in mapreduce and streaming},
  author={Kumar, Ravi and Moseley, Benjamin and Vassilvitskii, Sergei and Vattani, Andrea},
  journal={ACM Transactions on Parallel Computing},
  volume={2},
  number={3},
  pages={14},
  year={2015},
  publisher={ACM}
}